@article{axions_from_strings,
    author = "Gorghetto, Marco and Hardy, Edward and Villadoro, Giovanni",
    title = "{Axions from Strings: the Attractive Solution}",
    eprint = "1806.04677",
    archivePrefix = "arXiv",
    primaryClass = "hep-ph",
    doi = "10.1007/JHEP07(2018)151",
    journal = "JHEP",
    volume = "07",
    pages = "151",
    year = "2018"
}
