@article{axions_from_strings,
    author = "Gorghetto, Marco and Hardy, Edward and Villadoro, Giovanni",
    title = "{Axions from Strings: the Attractive Solution}",
    eprint = "1806.04677",
    archivePrefix = "arXiv",
    primaryClass = "hep-ph",
    doi = "10.1007/JHEP07(2018)151",
    journal = "JHEP",
    volume = "07",
    pages = "151",
    year = "2018"
}

@article{axion_dark_matter_strings_and_their_cores,
    author = "Fleury, Leesa and Moore, Guy D.",
    title = "{Axion dark matter: strings and their cores}",
    eprint = "1509.00026",
    archivePrefix = "arXiv",
    primaryClass = "hep-ph",
    doi = "10.1088/1475-7516/2016/01/004",
    journal = "JCAP",
    volume = "01",
    pages = "004",
    year = "2016"
}

@article{improved_estimation_hiramatsu,
    author = "Hiramatsu, Takashi and Kawasaki, Masahiro and Sekiguchi, Toyokazu and Yamaguchi, Masahide and Yokoyama, Jun'ichi",
    title = "{Improved estimation of radiated axions from cosmological axionic strings}",
    eprint = "1012.5502",
    archivePrefix = "arXiv",
    primaryClass = "hep-ph",
    reportNumber = "IPMU10-0229, RESCEU-29-10, YITP-10-111",
    doi = "10.1103/PhysRevD.83.123531",
    journal = "Phys. Rev. D",
    volume = "83",
    pages = "123531",
    year = "2011"
}
